@article{ensembles,
    author = {Ganaie, Mudasir and Hu, Minghui and Tanveer, M. and Suganthan, Ponnuthurai},
    year = {2021},
    title = {\textit{M. Ganaie} Ensemble deep learning: A review},
    doi = {10.48550/arXiv.2104.02395}
}

@misc{kaggle-ships-in-google-earth-dfqwt_dataset,
    title = {kaggle-ships-in-google-earth Dataset [Электронный ресурс]},
    howpublished = "Режим доступа: \url{https://universe.roboflow.com/robin-public/kaggle-ships-in-google-earth-dfqwt} (Дата обращения: 19.04.2023)",
}

@article{shiprs-imagenet,
    author = {Zhang, Zhengning and Zhang, Lin and Wang, Yue and Feng, Pengming and He, Ran},
    year = {2021},
    title = {\textit{Z.~Zhang} ShipRSImageNet: A Large-scale Fine-Grained Dataset for Ship Detection in High-Resolution Optical Remote Sensing Images},
    journal = {IEEE Journal of Selected Topics in Applied Earth Observations and Remote Sensing},
    doi = {10.1109/JSTARS.2021.3104230}
}

@misc{huawei_ship_dataset,
    title = {Huawei\_ship Dataset [Электронный ресурс]},
    howpublished = {Режим доступа: \url{https://universe.roboflow.com/huaweiship/huawei\_ship} (Дата обращения: 07.05.2023)},
}

@misc{python3,
    title="Welcome to Python.org [Электронный ресурс]",
    howpublished="Режим доступа: \url{https://www.python.org/} (Дата обращения: 23.04.2023)"
}


@misc{cuda,
    title="What is CUDA | NVIDIA official blog [Электронный ресурс]",
    howpublished="Режим доступа: \url{https://blogs.nvidia.com/blog/2012/09/10/what-is-cuda-2/} (Дата обращения: 23.04.2023)"
}

@misc{pytorch,
    title="PyTorch [Электронный ресурс]",
    howpublished="Режим доступа: \url{https://pytorch.org/} (Дата обращения: 22.04.2023)"
}

@misc{rtx2060,
    title="Introducing The GeForce RTX 2060: Turing For Every Gamer [Электронный ресурс]",
    howpublished="Режим доступа: \url{https://www.nvidia.com/en-us/geforce/news/gfecnt/nvidia-geforce-rtx-2060/} (Дата обращения: 23.04.2023)"
}

@misc{pkg-ray,
    title="Productionizing and scaling Python ML workloads simply | Ray [Электронный ресурс]",
    howpublished="Режим доступа: \url{https://www.ray.io/} (Дата обращения: 16.05.2023)"
}

@misc{pkg-ultralytics,
    title="ultralytics - PyPI [Электронный ресурс]",
    howpublished="Режим доступа: \url{https://pypi.org/project/ultralytics/} (Дата обращения: 09.05.2023)"
}
