@article{ship-detection,
    author = {Lee, Sung-Jun and Roh, Myung-Il and Oh, Min-jae},
    year = {2020},
    pages = {415-434},
    title = {Image-based ship detection using deep learning},
    volume = {10},
    journal = {Ocean Systems Engineering}
}

@article{small-ship-detection,
    title = {Deep learning for autonomous ship-oriented small ship detection},
    journal = {Safety Science},
    volume = {130},
    pages = {104812},
    year = {2020},
    author = {Zhijun Chen and Depeng Chen and Yishi Zhang},
    keywords = {Autonomous ship, Small ship detection, Wasserstein generative adversarial network, Convolutional neural network, Ship safety}
}

@article{fishing-boat-detection-using-sentinel-1,
    author = {Marzuki, Marza and Rahmania, Rinny and Kusumaningrum, Penny},
    year = {2021},
    title = {Fishing boat detection using Sentinel-1 validated with VIIRS Data},
    volume = {925},
    journal = {IOP Conference Series: Earth and Environmental Science}
}

@article{ann,
    author = {Sharkawy, Abdel--Nasser},
    year = {2020},
    pages = {8-19},
    title = {Principle of Neural Network and Its Main Types: Review},
    volume = {7},
    journal = {Journal of Advances in Applied \& Computational Mathematics}
}

@article{activationfuncs,
    author = {Sharma, Siddharth and Sharma, Simone and Athaiya, Anidhya},
    year = {2020},
    pages = {310-316},
    title = {ACTIVATION FUNCTIONS IN NEURAL NETWORKS},
    volume = {4},
    journal = {\textit{S. Sharma} International Journal of Engineering Applied Sciences and Technology}
}

@article{cnn,
    author = {Ghosh, Anirudha and Sufian, A. and Sultana, Farhana},
    year = {2020},
    pages = {519-567},
    title = {Fundamental Concepts of Convolutional Neural Network},
    isbn = {978-3-030-32643-2}
}

@article{review-on-one-stage-object-detection,
    author = {Zhang, Hang and Cloutier, Rayan},
    year = {2022},
    pages = {174-181},
    title = {Review on One-Stage Object Detection Based on Deep Learning},
    volume = {7},
    journal = {EAI Endorsed Transactions on e-Learning}
}

@article{overview-of-two-stage-object-detection,
    author = {Du, Lixuan and Zhang, Rongyu and Wang, Xiaotia},
    year = {2020},
    title = {Overview of two-stage object detection algorithms},
    volume = {1544},
    journal = {Journal of Physics: Conference Series}
}

@article{realtime-recognition-algorythm,
    author = {Александрович Владимир Бондаренко and Павлова Валерия Анатольевна and Тупиков Владимир Алексеевич},
    year = {2021},
    pages = {19-33},
    title = {АЛГОРИТМ НЕЙРОСЕТЕВОГО РАСПОЗНАВАНИЯ НАДВОДНЫХ ОБЪЕКТОВ В РЕАЛЬНОМ ВРЕМЕНИ},
    volume = {1},
    journal = {Известия Тульского государственного университета. Технические науки},
}

@article{ensembles,
    author = {Ganaie, Mudasir and Hu, Minghui and Tanveer, M.},
    year = {2021},
    title = {Ensemble deep learning: A review}
}

@misc{photomod-radar,
    title="PHOTOMOD Radar [Электронный ресурс]",
    howpublished="Режим доступа: \url{https://racurs.ru/program-products/photomod-radar/} (Дата обращения: 20.04.2023)"
}

@article{image-based-ship-detection,
    author = {Lee, Sung-Jun and Roh, Myung-Il and Oh, Min-jae},
    year = {2020},
    pages = {415-434},
    title = {Image-based ship detection using deep learning},
    volume = {10},
    journal = {Ocean Systems Engineering}
}

@article{r-cnn,
    author = {Girshick, Ross and Donahue, Jeff and Darrell, Trevor},
    year = {2013},
    title = {Rich Feature Hierarchies for Accurate Object Detection and Semantic Segmentation},
    journal = {Proceedings of the IEEE Computer Society Conference on Computer Vision and Pattern Recognition}
}

@article{fast-r-cnn,
    author = {Girshick, Ross},
    year = {2015},
    title = {Fast R-CNN}
}

@article{faster-r-cnn,
    author = {Ren, Shaoqing and He, Kaiming and Girshick, Ross},
    year = {2015},
    title = {\textit{S. Ren} Faster R-CNN: Towards Real-Time Object Detection with Region Proposal Networks},
    volume = {39},
    journal = {IEEE Transactions on Pattern Analysis and Machine Intelligence}
}

@article{yolo-review,
    title = {A Review of Yolo Algorithm Developments},
    journal = {Procedia Computer Science},
    volume = {199},
    pages = {1066-1073},
    year = {2022},
    author = {Peiyuan Jiang and Daji Ergu and Fangyao Liu},
}

@article{yolo-review-2023,
    author = {Terven, Juan and Cordova-Esparza, Diana-Margarita},
    year = {2023},
    month = {04},
    title = {A Comprehensive Review of YOLO: From YOLOv1 to YOLOv8 and Beyond}
}

@article{yolov3-ships,
    author = {Hao, Li and Deng, Lianbing and Yang, Cheng},
    year = {2021},
    title = {Enhanced YOLO v3 Tiny Network for Real-time Ship Detection from Visual Image},
    journal = {IEEE Access},
}

@article{yolov3,
    author = {Redmon, Joseph and Farhadi, Ali},
    year = {2018},
    title = {YOLOv3: An Incremental Improvement},
}

@article{yolov3-tiny,
    author = {Li, Dongsheng and Zhang, Yujie and Xiang, Junping},
    year = {2021},
    pages = {012073},
    title = {Yolo-tiny-MSC: A tiny neural network for object detection},
    volume = {1873},
    journal = {Journal of Physics: Conference Series}
}

@article{yolo9000,
    author = {Redmon, Joseph and Farhadi, Ali},
    year = {2017},
    pages = {6517-6525},
    title = {YOLO9000: Better, Faster, Stronger},
    journal = {2017 IEEE Conference on Computer Vision and Pattern Recognition (CVPR)}
}

@misc{pytorch,
    title="PyTorch [Электронный ресурс]",
    howpublished="Режим доступа: \url{https://pytorch.org/} (Дата обращения: 22.04.2023)"
}

@misc{darknet,
    title="Darknet [Электронный ресурс]",
    howpublished="Режим доступа: \url{https://github.com/pjreddie/darknet} (Дата обращения: 22.04.2023)"
}

@misc{nvidia-v100,
    title="NVIDIA V100 TENSOR CORE GPU [Электронный ресурс]",
    howpublished="Режим доступа: \url{https://www.nvidia.com/en-us/data-center/v100/} (Дата обращения: 22.04.2023)"
}

@misc{nvidia-a100,
    title="NVIDIA A100 Tensor Core GPU [Электронный ресурс]",
    howpublished="Режим доступа: \url{https://www.nvidia.com/en-us/data-center/a100/} (Дата обращения: 22.04.2023)"
}

@misc{nvidia-tensorrt,
    title="NVIDIA TensorRT [Электронный ресурс]",
    howpublished="Режим доступа: \url{https://developer.nvidia.com/tensorrt} (Дата обращения: 22.04.2023)"
}

@misc{coco-benchmark,
    title="COCO - Common Objects in Context [Электронный ресурс]",
    howpublished="Режим доступа: \url{https://cocodataset.org/} (Дата обращения: 20.11.2022)"
}

@misc{rtx4090,
    title="GeForce RTX 4090 [Электронный ресурс]",
    howpublished="Режим доступа: \url{https://www.nvidia.com/en-us/geforce/graphics-cards/40-series/rtx-4090/} (Дата обращения: 23.04.2023)"
}

@misc{python3,
    title="Welcome to Python.org [Электронный ресурс]",
    howpublished="Режим доступа: \url{https://www.python.org/} (Дата обращения: 23.04.2023)"
}

@misc{kaggle-ships-in-google-earth-dfqwt_dataset,
    title = {kaggle-ships-in-google-earth Dataset [Электронный ресурс]},
    howpublished = "Режим доступа: \url{https://universe.roboflow.com/robin-public/kaggle-ships-in-google-earth-dfqwt} (Дата обращения: 19.04.2023)",
}

@article{shiprs-imagenet,
    author = {Zhang, Zhengning and Zhang, Lin and Wang, Yue},
    year = {2021},
    title = {ShipRSImageNet: A Large-scale Fine-Grained Dataset for Ship Detection in High-Resolution Optical Remote Sensing Images},
    journal = {IEEE Journal of Selected Topics in Applied Earth Observations and Remote Sensing}
}

@misc{huawei_ship_dataset,
    title = {Huawei\_ship Dataset [Электронный ресурс]},
    howpublished = {Режим доступа: \url{https://universe.roboflow.com/huaweiship/huawei\_ship} (Дата обращения: 07.05.2023)},
}

@misc{cuda,
    title="What is CUDA | NVIDIA official blog [Электронный ресурс]",
    howpublished="Режим доступа: \url{https://blogs.nvidia.com/blog/2012/09/10/what-is-cuda-2/} (Дата обращения: 23.04.2023)"
}

@misc{rtx2060,
    title="Introducing The GeForce RTX 2060: Turing For Every Gamer [Электронный ресурс]",
    howpublished="Режим доступа: \url{https://www.nvidia.com/en-us/geforce/news/gfecnt/nvidia-geforce-rtx-2060/} (Дата обращения: 23.04.2023)"
}

@misc{pkg-ray,
    title="Productionizing and scaling Python ML workloads simply | Ray [Электронный ресурс]",
    howpublished="Режим доступа: \url{https://www.ray.io/} (Дата обращения: 16.05.2023)"
}

@misc{pkg-ultralytics,
    title="ultralytics - PyPI [Электронный ресурс]",
    howpublished="Режим доступа: \url{https://pypi.org/project/ultralytics/} (Дата обращения: 09.05.2023)"
}